@book{thebook,
  author    = {Sanjeev Arora and Boaz Barak},
  title     = {Computational Complexity: A Modern Approach},
  year      = {2009},
  publisher = {Cambridge University Press}
}
@book{nielsen2000quantum,
  author    = {Michael A. Nielsen and Isaac L. Chuang},
  title     = {Quantum Computation and Quantum Information},
  year      = {2000},
  publisher = {Cambridge University Press}
}
@misc{qubitguide,
  author = {Ekert, A and Hosgood, T and Kay, A and Macchiavello, C},
  title = {{Introduction to Quantum Information Science}},
  howpublished = {\url{https://qubit.guide}},
  date = {2024-12-08},
    note = {(Accessed: 2025-05-24)}
}
@article{epr,
  author = {Einstein, Albert and Podolsky, Boris and Rosen, Nathan},
  title = {Can Quantum-Mechanical Description of Physical Reality Be Considered Complete?},
  journal = {Physical Review},
  volume = {47},
  number = {10},
  pages = {777--780},
  year = {1935},
  doi = {10.1103/PhysRev.47.777}
}
@article{bell,
  author = {Bell, J. S.},
  title = {On the Einstein Podolsky Rosen Paradox},
  journal = {Physics Physique Физика},
  volume = {1},
  number = {3},
  pages = {195--200},
  year = {1964},
  doi = {10.1103/PhysicsPhysiqueFizika.1.195}
}
@article{aspect,
  author = {Aspect, A. and Dalibard, J. and Roger, G.},
  title = {Experimental Test of Bell's Inequalities Using Time- Varying Analyzers},
  journal = {Physical Review Letters},
  volume = {49},
  number = {25},
  pages = {1804--1807},
  year = {1982},
  doi = {10.1103/PhysRevLett.49.1804}
}
@book{cormen2009,
  author    = {Thomas H. Cormen and Charles E. Leiserson and Ronald L. Rivest and Clifford Stein},
  title     = {Introduction to Algorithms},
  edition   = {3rd},
  year      = {2009},
  publisher = {The MIT Press}
}
@article{Agrawal2004,
  author    = {Manindra Agrawal and Neeraj Kayal and Nitin Saxena},
  title     = {PRIMES is in P},
  journal   = {Annals of Mathematics},
  volume    = {160},
  number    = {2},
  pages     = {781--793},
  year      = {2004},
  publisher = {Princeton University Press},
}
@book{continued_fractions,
  author    = {Lisa Lorentzen and Haakon Waadeland},
  title     = {Continued Fractions with Applications},
  year      = {1992},
  publisher = {North Holland},
  address   = {Reading, MA},
  isbn      = {978-0-444-89265-2},
}
@article{pp_bqp,
author = {Adleman, Leonard M. and DeMarrais, Jonathan and Huang, Ming-Deh A.},
title = {Quantum Computability},
journal = {SIAM Journal on Computing},
volume = {26},
number = {5},
pages = {1524-1540},
year = {1997},
doi = {10.1137/S0097539795293639},
}
@inproceedings{Gosset,
   title={Quantum 3-SAT Is QMA1-Complete},
   url={http://dx.doi.org/10.1109/FOCS.2013.86},
   DOI={10.1109/focs.2013.86},
   booktitle={2013 IEEE 54th Annual Symposium on Foundations of Computer Science},
   publisher={IEEE},
   author={Gosset, David and Nagaj, Daniel},
   year={2013},
   month=oct, pages={756–765} 
}
@article{brav,
      title={Efficient algorithm for a quantum analogue of 2-SAT}, 
      author={Sergey Bravyi},
      year={2006},
      eprint={quant-ph/0602108},
      archivePrefix={arXiv},
      primaryClass={quant-ph},
      url={https://arxiv.org/abs/quant-ph/0602108}, 
}
@article{Zalka_1999,
   title={Grover’s quantum searching algorithm is optimal},
   volume={60},
   ISSN={1094-1622},
   url={http://dx.doi.org/10.1103/PhysRevA.60.2746},
   DOI={10.1103/physreva.60.2746},
   number={4},
   journal={Physical Review A},
   publisher={American Physical Society (APS)},
   author={Zalka, Christof},
   year={1999},
   month=oct, pages={2746–2751} }


@article{shor21,
title = "Experimental realization of Shor{\textquoteright}s quantum factoring algorithm using qubit recycling",
author = "Enrique Martin-Lopez and Anthony Laing and Lawson, {Thomas M} and Roberto Alvarez and Xiao-Qi Zhou and O'Brien, {Jeremy L}",
year = "2012",
month = nov,
doi = "10.1038/NPHOTON.2012.259",
language = "English",
volume = "6",
pages = "773--776",
journal = "Nature Photonics",
issn = "1749-4885",
publisher = "Springer Nature",
number = "11",
}
@article{Smolin_2013,
   title={Oversimplifying quantum factoring},
   volume={499},
   ISSN={1476-4687},
   url={http://dx.doi.org/10.1038/nature12290},
   DOI={10.1038/nature12290},
   number={7457},
   journal={Nature},
   publisher={Springer Science and Business Media LLC},
   author={Smolin, John A. and Smith, Graeme and Vargo, Alexander},
   year={2013},
   month=jul, pages={163–165} }
@article{Figgatt2017Grover,
  title={Complete 3-Qubit Grover Search on a Programmable Quantum Computer},
  author={Figgatt, Caroline and Maslov, Dmitri and Landsman, Kevin A. and Linke, Norbert M. and Debnath, Shantanu and Monroe, Christopher},
  journal={Nature Communications},
  volume={8},
  pages={1918},
  year={2017},
  publisher={Nature Publishing Group},
  doi={10.1038/s41467-017-01904-7},
  url={https://doi.org/10.1038/s41467-017-01904-7}
}
@article{Tame2014,
  author = {Tame, Mark and McCutcheon, Dara P. S. and Bell, Barry A. and Markham, Damian and Kolthammer, W. Steven and Almeida, Mário P. and Walther, Philip and O'Brien, Jeremy L. and Rohde, Peter P. and Kim, M. S.},
  title = {Experimental Realization of a Quantum Algorithm Solving Simon’s Problem},
  journal = {Physical Review Letters},
  volume = {113},
  number = {20},
  pages = {200501},
  year = {2014},
  doi = {10.1103/PhysRevLett.113.200501}
}
@unpublished{duraj2025shor,
  author       = {Lech Duraj},
  title        = {Uzupełnienie do wykładu „Obliczenia kwantowe II”: dowód klasycznej części algorytmu Shora},
  note         = {Materiały wykładowe, niepublikowane},
  month        = may,
  year         = {2025}
}